/home/paulmck/paper/Latex/hw.bib