/home/paulmck/paper/Latex/os.bib