/home/paulmck/paper/Latex/parallelsys.bib