/home/paulmck/paper/Latex/patterns.bib