/home/paulmck/paper/Latex/perfmeas.bib