/home/paulmck/paper/Latex/RCU.bib