/home/paulmck/paper/Latex/realtime.bib