/home/paulmck/paper/Latex/refs.bib