/home/paulmck/paper/Latex/search.bib