/home/paulmck/paper/Latex/swtools.bib