/home/paulmck/paper/Latex/syncrefs.bib