/home/paulmck/paper/Latex/WFS.bib